<record><leader>00000cas a2200000 a 4500</leader><controlfield tag="001">33399188</controlfield><controlfield tag="008">951101d19731984flucr ne      0    0eng c</controlfield><datafield ind1=" " ind2=" " tag="010"><subfield code="a">sn 95047207 </subfield></datafield><datafield ind1=" " ind2=" " tag="040"><subfield code="a">FUG</subfield><subfield code="b">eng</subfield><subfield code="c">FUG</subfield><subfield code="d">OCLCQ</subfield><subfield code="d">OCLCF</subfield><subfield code="d">OCLCO</subfield></datafield><datafield ind1=" " ind2=" " tag="012"><subfield code="i">9511</subfield></datafield><datafield ind1="1" ind2=" " tag="029"><subfield code="a">AU@</subfield><subfield code="b">000012081485</subfield></datafield><datafield ind1=" " ind2=" " tag="042"><subfield code="a">pcc</subfield></datafield><datafield ind1=" " ind2=" " tag="043"><subfield code="a">n-us-fl</subfield></datafield><datafield ind1="0" ind2="4" tag="245"><subfield code="a">The Milton press gazette.</subfield></datafield><datafield ind1="1" ind2=" " tag="246"><subfield code="i">Monday issues from Oct. 8, 1973-Feb. 25, 1974 called:</subfield><subfield code="a">Milton times gazette</subfield></datafield><datafield ind1="1" ind2="3" tag="246"><subfield code="a">Press-gazette</subfield></datafield><datafield ind1=" " ind2=" " tag="260"><subfield code="a">Milton, Fla. :</subfield><subfield code="b">Milton Newspapers Inc.,</subfield><subfield code="c">1973-1984.</subfield></datafield><datafield ind1=" " ind2=" " tag="300"><subfield code="a">11 v.</subfield></datafield><datafield ind1=" " ind2=" " tag="310"><subfield code="a">Semiweekly</subfield></datafield><datafield ind1="0" ind2=" " tag="362"><subfield code="a">Vol. 66, no. 53 (Oct. 4, 1973)-v. 76, no. 103 (Mar. 26, 1984).</subfield></datafield><datafield ind1=" " ind2=" " tag="500"><subfield code="a">"Serving all of Santa Rosa County."</subfield></datafield><datafield ind1=" " ind2="0" tag="651"><subfield code="a">Milton (Fla.)</subfield><subfield code="v">Newspapers.</subfield></datafield><datafield ind1=" " ind2="0" tag="651"><subfield code="a">Santa Rosa County (Fla.)</subfield><subfield code="v">Newspapers.</subfield></datafield><datafield ind1=" " ind2="7" tag="655"><subfield code="a">Newspapers.</subfield><subfield code="2">fast</subfield><subfield code="0">(OCoLC)fst01423814</subfield></datafield><datafield ind1=" " ind2="7" tag="651"><subfield code="a">Florida</subfield><subfield code="z">Milton.</subfield><subfield code="2">fast</subfield><subfield code="0">(OCoLC)fst01215856</subfield></datafield><datafield ind1=" " ind2="7" tag="651"><subfield code="a">Florida</subfield><subfield code="z">Santa Rosa County.</subfield><subfield code="2">fast</subfield><subfield code="0">(OCoLC)fst01210221</subfield></datafield><datafield ind1=" " ind2=" " tag="752"><subfield code="a">United States</subfield><subfield code="b">Florida</subfield><subfield code="c">Santa Rosa</subfield><subfield code="d">Milton.</subfield></datafield><datafield ind1="0" ind2="0" tag="780"><subfield code="t">Press-gazette (Milton, Fla.)</subfield><subfield code="w">(DLC)sn 95047206</subfield><subfield code="w">(OCoLC)33399187</subfield></datafield><datafield ind1="0" ind2="5" tag="785"><subfield code="t">Milton times (Milton, Fla.)</subfield><subfield code="g">Oct. 4, 1973</subfield></datafield><datafield ind1="0" ind2="0" tag="785"><subfield code="t">Santa Rosa press gazette</subfield><subfield code="w">(DLC)sn 95047208</subfield><subfield code="w">(OCoLC)33399204</subfield></datafield><datafield ind1=" " ind2=" " tag="850"><subfield code="a">FU</subfield></datafield></record>